
@inproceedings{wang2016action,
	title={Action recognition based on joint trajectory maps using convolutional neural networks},
	author={Wang, Pichao and Li, Zhaoyang and Hou, Yonghong and Li, Wanqing},
	booktitle={Proceedings of the 24th ACM international conference on Multimedia},
	pages={102--106},
	year={2016},
	organization={ACM}
}
@article{pham2017learning,
	title={Learning and recognizing human action from skeleton movement with deep residual neural networks},
	author={Pham, Huy-Hieu and Khoudour, Louahdi and Crouzil, Alain and Zegers, Pablo and Velastin, Sergio A},
	year={2017},
	publisher={IET}
}
@inproceedings{li2017skeleton,
	title={Skeleton-based action recognition with convolutional neural networks},
	author={Li, Chao and Zhong, Qiaoyong and Xie, Di and Pu, Shiliang},
	booktitle={2017 IEEE International Conference on Multimedia \& Expo Workshops (ICMEW)},
	pages={597--600},
	year={2017},
	organization={IEEE}
}
@article{liu2017enhanced,
	title={Enhanced skeleton visualization for view invariant human action recognition},
	author={Liu, Mengyuan and Liu, Hong and Chen, Chen},
	journal={Pattern Recognition},
	volume={68},
	pages={346--362},
	year={2017},
	publisher={Elsevier}
}
@inproceedings{li2017skeleton,
	title={Skeleton based action recognition using translation-scale invariant image mapping and multi-scale deep CNN},
	author={Li, Bo and Dai, Yuchao and Cheng, Xuelian and Chen, Huahui and Lin, Yi and He, Mingyi},
	booktitle={2017 IEEE International Conference on Multimedia \& Expo Workshops (ICMEW)},
	pages={601--604},
	year={2017},
	organization={IEEE}
}
@inproceedings{zhu2016co,
	title={Co-occurrence feature learning for skeleton based action recognition using regularized deep LSTM networks},
	author={Zhu, Wentao and Lan, Cuiling and Xing, Junliang and Zeng, Wenjun and Li, Yanghao and Shen, Li and Xie, Xiaohui},
	booktitle={Thirtieth AAAI Conference on Artificial Intelligence},
	year={2016}
}
@article{liu2018skeleton,
	title={Skeleton-based action recognition using spatio-temporal LSTM network with trust gates},
	author={Liu, Jun and Shahroudy, Amir and Xu, Dong and Kot, Alex C and Wang, Gang},
	journal={IEEE transactions on pattern analysis and machine intelligence},
	volume={40},
	number={12},
	pages={3007--3021},
	year={2018},
	publisher={IEEE}
}
@article{liu2018skeleton,
	title={Skeleton-based human action recognition with global context-aware attention LSTM networks},
	author={Liu, Jun and Wang, Gang and Duan, Ling-Yu and Abdiyeva, Kamila and Kot, Alex C},
	journal={IEEE Transactions on Image Processing},
	volume={27},
	number={4},
	pages={1586--1599},
	year={2018},
	publisher={IEEE}
}
@article{bruna2013spectral,
	title={Spectral networks and locally connected networks on graphs},
	author={Bruna, Joan and Zaremba, Wojciech and Szlam, Arthur and LeCun, Yann},
	journal={arXiv preprint arXiv:1312.6203},
	year={2013}
}
@article{shi2018non-local,
	title={Non-Local Graph Convolutional Networks for Skeleton-Based Action Recognition},
	author={Shi, Lei and Zhang, Yifan and Cheng, Jian and Lu, Hanqing},
	journal={arXiv: Computer Vision and Pattern Recognition},
	year={2018}
}
@inproceedings{li2018spatio,
	title={Spatio-temporal graph convolution for skeleton based action recognition},
	author={Li, Chaolong and Cui, Zhen and Zheng, Wenming and Xu, Chunyan and Yang, Jian},
	booktitle={Thirty-Second AAAI Conference on Artificial Intelligence},
	year={2018}
}
@article{si2019attention,
	title={An Attention Enhanced Graph Convolutional LSTM Network for Skeleton-Based Action Recognition},
	author={Si, Chenyang and Chen, Wentao and Wang, Wei and Wang, Liang and Tan, Tieniu},
	journal={arXiv preprint arXiv:1902.09130},
	year={2019}
}
@inproceedings{davis2007information,
	title={Information-theoretic metric learning},
	author={Davis, Jason V and Kulis, Brian and Jain, Prateek and Sra, Suvrit and Dhillon, Inderjit S},
	booktitle={Proceedings of the 24th international conference on Machine learning},
	pages={209--216},
	year={2007},
	organization={ACM}
}
@inproceedings{mishra2018generative,
	title={A generative approach to zero-shot and few-shot action recognition},
	author={Mishra, Ashish and Verma, Vinay Kumar and Reddy, M Shiva Krishna and Arulkumar, S and Rai, Piyush and Mittal, Anurag},
	booktitle={2018 IEEE Winter Conference on Applications of Computer Vision (WACV)},
	pages={372--380},
	year={2018},
	organization={IEEE}
}
@inproceedings{yang2018one,
	title={One-shot action localization by learning sequence matching network},
	author={Yang, Hongtao and He, Xuming and Porikli, Fatih},
	booktitle={Proceedings of the IEEE Conference on Computer Vision and Pattern Recognition},
	pages={1450--1459},
	year={2018}
}
@inproceedings{ke2017new,
	title={A new representation of skeleton sequences for 3d action recognition},
	author={Ke, Qiuhong and Bennamoun, Mohammed and An, Senjian and Sohel, Ferdous and Boussaid, Farid},
	booktitle={Proceedings of the IEEE conference on computer vision and pattern recognition},
	pages={3288--3297},
	year={2017}
}
@article{liu2017enhanced,
	title={Enhanced skeleton visualization for view invariant human action recognition},
	author={Liu, Mengyuan and Liu, Hong and Chen, Chen},
	journal={Pattern Recognition},
	volume={68},
	pages={346--362},
	year={2017},
	publisher={Elsevier}
}
@inproceedings{li2017skeleton,
	title={Skeleton boxes: Solving skeleton based action detection with a single deep convolutional neural network},
	author={Li, Bo and Chen, Huahui and Chen, Yucheng and Dai, Yuchao and He, Mingyi},
	booktitle={2017 IEEE International Conference on Multimedia \& Expo Workshops (ICMEW)},
	pages={613--616},
	year={2017},
	organization={IEEE}
}
@inproceedings{snell2017prototypical,
	title={Prototypical networks for few-shot learning},
	author={Snell, Jake and Swersky, Kevin and Zemel, Richard},
	booktitle={Advances in Neural Information Processing Systems},
	pages={4077--4087},
	year={2017}
}
@inproceedings{chen2015utd,
	title={UTD-MHAD: A multimodal dataset for human action recognition utilizing a depth camera and a wearable inertial sensor},
	author={Chen, Chen and Jafari, Roozbeh and Kehtarnavaz, Nasser},
	booktitle={2015 IEEE International conference on image processing (ICIP)},
	pages={168--172},
	year={2015},
	organization={IEEE}
}
@inproceedings{li2017skeleton,
	title={Skeleton based action recognition using translation-scale invariant image mapping and multi-scale deep CNN},
	author={Li, Bo and Dai, Yuchao and Cheng, Xuelian and Chen, Huahui and Lin, Yi and He, Mingyi},
	booktitle={2017 IEEE International Conference on Multimedia \& Expo Workshops (ICMEW)},
	pages={601--604},
	year={2017},
	organization={IEEE}
}
@article{gaglio2015human,
	title={Human activity recognition process using 3-D posture data},
	author={Gaglio, Salvatore and Re, Giuseppe Lo and Morana, Marco},
	journal={IEEE Transactions on Human-Machine Systems},
	volume={45},
	number={5},
	pages={586--597},
	year={2015},
	publisher={IEEE}
}
